@misc{bourke:hal-01408230,
  TITLE = {{Sundials/ML: interfacing with numerical solvers}},
  AUTHOR = {Timothy Bourke and Jun Inoue and Marc Pouzet},
  URL = {https://hal.inria.fr/hal-01408230},
  HOWPUBLISHED = {{ACM Workshop on ML}},
  YEAR = {2016},
  MONTH = Sep,
  KEYWORDS = {OCaml ; Sundials ; Foreign Function Interfaces (FFI)},
  PDF = {https://hal.inria.fr/hal-01408230/file/paper.pdf},
  HAL_ID = {hal-01408230},
  HAL_VERSION = {v1},
}
@article{DBLP:journals/scp/YallopSM18,
  author    = {Jeremy Yallop and David Sheets and Anil Madhavapeddy},
  title     = {A modular foreign function interface},
  journal   = {Sci. Comput. Program.},
  volume    = {164},
  pages     = {82--97},
  year      = {2018},
  url       = {https://doi.org/10.1016/j.scico.2017.04.002},
  doi       = {10.1016/j.scico.2017.04.002},
  timestamp = {Tue, 18 Sep 2018 13:14:10 +0200},
  biburl    = {https://dblp.org/rec/bib/journals/scp/YallopSM18},
  bibsource = {dblp computer science bibliography, https://dblp.org}
} 
@article{Furr:2005:CTS:1064978.1065019,
 author = {Michael Furr and Foster, Jeffrey S.},
 title = {Checking Type Safety of Foreign Function Calls},
 journal = {SIGPLAN Not.},
 issue_date = {June 2005},
 volume = {40},
 number = {6},
 month = jun,
 year = {2005},
 issn = {0362-1340},
 pages = {62--72},
 numpages = {11},
 url = {http://doi.acm.org/10.1145/1064978.1065019},
 doi = {10.1145/1064978.1065019},
 acmid = {1065019},
 publisher = {ACM},
 address = {New York, NY, USA},
 keywords = {FFI, OCaml, dataflow analysis, flow-sensitive type system, foreign function calls, foreign function interface, multi-lingual type inference, multi-lingual type system, representational type},
}
@misc{camloxide,
  title = {caml-oxide: Safely Mixing OCaml and Rust},
  author = {Stephen Dolan},
  year = {2018},
  howpublished = {{ML Family Workshop 2018}, \url{https://docs.google.com/viewer?a=v&pid=sites&srcid=ZGVmYXVsdGRvbWFpbnxtbHdvcmtzaG9wcGV8Z3g6NDNmNDlmNTcxMDk1YTRmNg}},
}
@misc{multicore,
  year = {2014},
  author = {Stephen Dolan and Leo White and Anil Madhavapeddy},
  title = {Multicore OCaml},
  howpublished = {OCaml Workshop (2014).},
}
@misc{harmony,
  author = {
    Xavier Leroy and Damien Doligez and Alain Frisch and Jacques Garrigue and 
      Didier Rémy and Jérôme Vouillon
  },
  title = {Living in harmony with the garbage collector},
  howpublished = {OCaml manual, §20.5}
}
@book{Stroustrup:1995:DEC:193198,
 author = {Stroustrup, Bjarne},
 title = {The Design and Evolution of C++},
 year = {1994},
 isbn = {0-201-54330-3},
 publisher = {ACM Press/Addison-Wesley Publishing Co.},
 address = {New York, NY, USA},
}
